@article{feller, 
title={An Introduction to Probability Theory and Its Applications}, 
volume={3rd ed., vol. 1}, 
journal={Hoboken, NJ, USA: Wiley }, 
author={W. Feller}, 
year={Jan. 1968}, 
}

@ARTICLE{dong, 
author={L. Dong and J. Zhou and Y. Y. Tang}, 
journal={IEEE Transactions on Image Processing}, 
title={Noise Level Estimation for Natural Images Based on Scale-Invariant Kurtosis and Piecewise Stationarity}, 
year={2017}, 
volume={26}, 
number={2}, 
pages={1017-1030}, 
month={Feb},
}